@article{Cukier2015,
	author = {Cukier, Daniel and Kon, Fabio and Krueger, Norris},
	journal = {Relatório Técnico RT-MAC-2015-03},
	keywords = {ecosystem,entrepreneurship,innovation,maturity model,software startups,startup ecosystems},
	pages = {12},
	title = {Towards Software Startup Ecosystems Maturity Model},
	year = {2015}
}

@article{Kon2014,
	author = {Kon, Fabio and Cukier, Daniel and Melo, Claudia and Hazzan, Orit and Yuklea, Harry},
	doi = {10.2139/ssrn.2441157},
	isbn = {1581126204},
	issn = {1556-5068},
	journal = {{\ldots} Israeli Software Startup {\ldots}},
	keywords = {and educational,conceptual framework,entrepreneurship,institutional,internet,methodological,open source,sociocultural,software,startup ecosystems,startups,technological},
	pages = {1--28},
	title = {{A Panorama of the Israeli Software Startup Ecosystem}},
	url = {http://papers.ssrn.com/sol3/papers.cfm?abstract{\_}id=2441157},
	year = {2014}
}


@article{Cukier2016,
	author = {Cukier, Daniel and Kon, Fabio and Lyons, Thomas S.},
	journal = {2nd International Workshop on Software Startups},
	keywords = {entrepreneurship,innovation,maturity model,new york city,startup ecosystems,startups},
	title = {{Software Startup Ecosystems Evolution: The New York City Case Study}},
	year = {2016}
}


@article{MonnaSantos2015,
	author = {Monna Cleide Fonseca Rodrigues dos Santos},
	Title = {O ecossistema de startups de software de São Paulo},
	Year = {2015},
	keywords = {São Paulo,TI,Tecnologia da Informação,ecossistemas de inovação,empreendedorismo,software,startups}
}

@article{schwab2015,
	Author = {K. Schwab and X. Sala-i-Martín},
	Title = {The Global Competitiveness Report 2015-2016},
	Journal = {World Economic Forum},
	Year = {2015}
}

@article{Hermann2015,
	author = {Hermann, Bjoern Lasse and Gauthier, Jf and Holtschke, Danny and Bermann, Ron Dr. and Marmer, Max},
	journal = {The Startup Ecosystem Report Series},
	keywords = {global},
	number = {August},
	pages = {1--156},
	title = {{The Global Startup Ecosystem Ranking 2015}},
	year = {2015}
}

@article{Acs2016,
	author = {Acs, Zoltan J and Szerb, Laszlo and Autio, Erkko},
	pages = {247},
	title = {Global Entrepreneurship Index 2016},
	year = {2016}
}


@electronic{inovasampa,
 author = {F. Kon},
 editor = {InovaSampa},
 title = {InovaSampa: Grupo de Pesquisa em Empreendedorismo \@ IME-USP },
 url = {http://http://ccsl.ime.usp.br/startups},
 urldate = {06.04.2016},
}

@book{James1953,
author = {Cantillon, R.},
doi = {10.2307/3497121},
issn = {00352764},
title = {{Essai sur la nature du commerce en g{\'{e}}n{\'{e}}ral.}},
url = {http://www.institutcoppet.org/wp-content/uploads/2011/12/Essai-sur-la-nature-du-commerce-en-gener-Richard-Cantillon.pdf},
year = {1931}
}

@article{Brown2013,
author = {Brown, Christopher; Thornton Mark},
journal = {The Quartely Journal of Austrian Economics},
keywords = {Richard Cantillon,circular flow model,economic,entrepreneurship theory,geography,intrinsic value,labor markets,pricespecie flow mechanism},
number = {4},
pages = {401--420},
title = {How Entrepreneurship Theory Created Economics},
volume = {16},
year = {2013}
}

@incollection{Wallevik2016,
  doi = {10.1057/9781137479761_2},
  url = {http://dx.doi.org/10.1057/9781137479761_2},
  year  = {2016},
  publisher = {Springer Nature},
  pages = {12--23},
  author = {Kristin Wallevik},
  title = {The Future of Entrepreneurship: Concept and Context},
  booktitle = {Entrepreneurial Challenges in the 21st Century}
}

@book{Drucker2006,
  Author = {Peter F. Drucker},
  Title = {Innovation and Entrepreneurship},
  Publisher = {HarperBusiness},
  Year = {2006},
  ISBN = {0060851139},
  URL = {http://www.amazon.com/Innovation-Entrepreneurship-Peter-F-Drucker/dp/0060851139%3FSubscriptionId%3D0JYN1NVW651KCA56C102%26tag%3Dtechkie-20%26linkCode%3Dxm2%26camp%3D2025%26creative%3D165953%26creativeASIN%3D0060851139}
}

@book{Murphy1987,
  Author = {Antoin E. Murphy},
  Title = {Richard Cantillon: Entrepreneur and Economist},
  Publisher = {Oxford University Press},
  Year = {1987},
  ISBN = {0198285353},
  URL = {http://www.amazon.com/Richard-Cantillon-Entrepreneur-Antoin-Murphy/dp/0198285353%3FSubscriptionId%3D0JYN1NVW651KCA56C102%26tag%3Dtechkie-20%26linkCode%3Dxm2%26camp%3D2025%26creative%3D165953%26creativeASIN%3D0198285353}
}